@Article{ -,
  journal =	 "Mathematical Gazette",
  pages =	 "127--129",
  volume =	 53
}

@InProceedings{ -1976,
  title =	 "Mathematical Developments Arising from Hilbert
                  Problems",
  journal =	 "Proceedings of Symposia in Pure Mathematics",
  pages =	 "1--34",
  volume =	 28,
  year =	 1976,
  publisher =	 "Providence, Rhode Island. American Mathematical
                  Society"
}

@Article{ -1985,
  journal =	 "Mathematical Intelligencer",
  pages =	 74,
  volume =	 7,
  number =	 3,
  year =	 1985
}

@Article{ -1991,
  title =	 "Crimes and Misdemeanors in the Computer Algebra Trade",
  journal =	 "Notices of the American Mathematical Society",
  pages =	 "778--785",
  volume =	 38,
  number =	 7,
  month =	 "September",
  year =	 1991
}

@Book{ aa-,
  title =	 "Primer of Real Functions"
}

@Book{ ahlfors-1979,
  title =	 "Complex analysis: An introduction to the theory of
                  analytic functions of one complex variable",
  author =	 "Lars Valerian Ahlfors",
  edition =	 3,
  year =	 1979,
  publisher =	 "McGraw-Hill"
}

@Article{ alberts-alexanderson-reid-1987,
  title =	 "International Mathematical Congresses, An Illustrated
                  History 1893-1986",
  author =	 "Donald J. Alberts and G. L. Alexanderson and Constance
                  Reid",
  pages =	 "1893--1986",
  year =	 1987,
  publisher =	 "Springer"
}

@Article{ appel-haken-1976,
  title =	 "Every planar map is four colorable",
  author =	 "K. Appel and W. Haken",
  journal =	 "Bulletin of the American Mathematical Society",
  pages =	 "711--712",
  volume =	 82,
  year =	 1976
}

@Article{ appel-haken-1977,
  title =	 "Every planar map is four colorable",
  author =	 "K. Appel and W. Haken",
  journal =	 "Illinois Journal of Mathematics",
  pages =	 "429--567",
  volume =	 21,
  year =	 1977
}

@Book{ atiyah-macdonald-,
  author =	 "Atiyah and MacDonald",
  title =	 "Introduction to Commutative Algebra"
}

@Article{ bailey-borwein-plouffe-1995,
  title =	 "A New Formula for Picking off Pieces of Pi",
  author =	 "D. H. Bailey and P. B. Borwein and S. Plouffe",
  journal =	 "Science News",
  pages =	 279,
  volume =	 148,
  month =	 "October",
  year =	 1995
}

@Article{ bailey-borwein-plouffe-1997,
  title =	 "On the rapid computation of various polylogarithmic
                  constants",
  author =	 "D. H. Bailey and P. B. Borwein and S. Plouffe",
  journal =	 "Mathematics of Computation",
  pages =	 "903--913",
  volume =	 66,
  year =	 1997
}

@Article{ baxley-hayashi-1978,
  title =	 "A note on indeterminate forms",
  author =	 "Baxley and Hayashi",
  journal =	 "American Mathematical Monthly",
  pages =	 "484--486",
  volume =	 85,
  year =	 1978
}

@Article{ beaulieu-1993,
  title =	 "A Parisian Cafe and Ten Proto-Bourbaki Meetings
                  1934-1935",
  author =	 "J. Fang Liliane Beaulieu",
  journal =	 "Mathematical Intelligencer",
  pages =	 "27--35",
  volume =	 15,
  number =	 1,
  year =	 1993
}

@Book{ benacerraf-putnam-1983,
  title =	 "Philosophy of Mathematics: Selected Readings",
  author =	 "Paul Benacerraf and Hilary Putnam",
  edition =	 2,
  year =	 1983,
  publisher =	 "Cambridge University Press"
}

@Book{ berlekamp-conway-guy-1982,
  title =	 "Winning Ways for your mathematical plays",
  author =	 "Elwyn R. Berlekamp and John H. Conway and Richard
                  K. Guy",
  year =	 1982,
  publisher =	 "Academic Press"
}

@Book{ birkhoff-mclane-,
  author =	 "Birkhoff and McLane",
  title =	 "Algebra"
}

@Book{ boas-,
  author =	 "Boas",
  title =	 "Primer of Real Functions"
}

@Article{ boltianskii-1978,
  title =	 "Hilbert's Third Problem",
  author =	 "V. G. Boltianskii",
  year =	 1978,
  publisher =	 "Wiley"
}

@InBook{ boltyanskii-,
  title =	 "Equivalent and equidecomposable figures",
  author =	 "Boltyanskii",
  booktitle =	 "Topics in Mathematics",
  publisher =	 "D. C. Heath and Co."
}

@Article{ borwein-bailey-1989,
  title =	 "Ramanujan, Modular Equations, and Approximations to
                  $\pi$",
  author =	 "P. B. Borwein and D. H. Bailey",
  journal =	 "American Mathematical Monthly",
  pages =	 "201--220",
  volume =	 96,
  number =	 3,
  month =	 "March",
  year =	 1989
}

@Article{ borwein-borwein-1984,
  title =	 "The arithmetic-geometric mean and fast computation of
                  elementary functions",
  author =	 "J. M. Borwein and P. B. Borwein",
  journal =	 "SIAM Review",
  pages =	 "351--366",
  volume =	 26,
  year =	 1984
}

@Article{ borwein-borwein-1986,
  title =	 "More quadratically converging algorithms for $\pi$",
  author =	 "J. M. Borwein and P. B. Borwein",
  journal =	 "Mathematics of Computation",
  pages =	 "247--253",
  volume =	 46,
  year =	 1986
}

@Article{ breuer-zwas-1984,
  title =	 "Mathematical-educational aspects of the computation of
                  $\pi$",
  author =	 "Shlomo Breuer and Gideon Zwas",
  journal =	 "Int. J. Math. Educ. Sci. Technol.",
  pages =	 "231--244",
  volume =	 15,
  number =	 2,
  year =	 1984
}

@Book{ cauchy-1821,
  title =	 "{\OE}uvres Compl{\`e}tes",
  author =	 "Augustin-Louis Cauchy",
  series =	 2,
  volume =	 3,
  institution =	 "Cours d'Analyse de l'Ecole Royale Polytechnique",
  year =	 1821
}

@InProceedings{ chudnovsky-chudnovsky-1989,
  title =	 "The computation of classical constants",
  author =	 "David Chudnovsky and Gregory Chudnovsky",
  journal =	 "Columbia University, Proc. Natl. Acad. Sci. USA",
  volume =	 86,
  year =	 1989
}

@Book{ churchill-brown-1990,
  author =	 "R. V. Churchill and J. W. Brown",
  title =	 "Complex Variables and Applications",
  publisher =	 "McGraw-Hill",
  year =	 1990,
  edition =	 5
}

@Book{ conway-1973,
  title =	 "Functions of one complex variable",
  author =	 "John B. Conway",
  year =	 1973,
  publisher =	 "Springer"
}

@Article{ cooke-1984,
  title =	 "The Mathematics of Sonya Kovalevskaya",
  author =	 "Roger Cooke",
  pages =	 "90--91",
  year =	 1984,
  publisher =	 "Springer"
}

@Book{ copson-,
  title =	 "Metric Spaces",
  author =	 "Copson"
}

@Book{ courant-hilbert-1953,
  author =	 "Richard Courant and David Hilbert",
  title =	 "Mathematical Methods of Physics",
  publisher =	 "Wiley-Interscience",
  year =	 1953
}

@Book{ courant-john-1974,
  title =	 "Introduction to Calculus and Analysis",
  author =	 "Richard Courant and Fritz John",
  volume =	 1,
  publisher =	 "Interscience Publishers",
  year =	 1974
}

@Book{ courant-robins-1969,
  title =	 "What is Mathematics?",
  author =	 "Richard Courant and Herbert Robins",
  year =	 1969,
  publisher =	 "Oxford University Press"
}

@Book{ crawford-1984,
  title =	 "The Beginnings of the Nobel Institution",
  author =	 "Elisabeth Crawford",
  year =	 1984,
  publisher =	 "Cambridge University Press"
}

@Book{ dauben-1979,
  title =	 "Georg Cantor: His Mathematics and Philosophy of the
                  Infinite",
  author =	 "Joseph Warren Dauben",
  year =	 1979,
  publisher =	 "Princeton University Press"
}

@Book{ dieudonne-,
  author =	 "Dieudonn{\'e}",
  title =	 "Foundations of Analysis"
}

@Book{ dixon-1994,
  title =	 "Division Algebras; Octonions, Quaternions, Complex
                  Numbers and the Algebraic Design of Physics",
  author =	 "G. M. Dixon",
  year =	 1994,
  publisher =	 "Kluwer Academic"
}

@Article{ dubins-,
  title =	 "Scissor Congruence",
  author =	 "Hirsch Dubins",
  journal =	 "American Mathematical Monthly"
}

@Book{ enderton-1977,
  title =	 "Elements of Set Theory",
  author =	 "H. B. Enderton",
  year =	 1977,
  publisher =	 "Academic Press"
}

@Book{ engelking-,
  title =	 "General Topology",
  author =	 "R. Engelking"
}

@Book{ feller-1968,
  title =	 "Introduction to probability theory",
  author =	 "William Feller",
  publisher =	 "Wiley",
  year =	 1968
}

@Book{ fraenkel-barhillel-levy-vandalen-1973,
  title =	 "Foundations of Set Theory",
  author =	 "A. Fraenkel and Y. Bar-Hillel and A. Levy and Dirk van
                  Dalen",
  edition =	 "Second",
  year =	 1973,
  publisher =	 "North-Holland"
}

@Article{ freiling-,
  title =	 "Axioms of Symmetry: Throwing Darts at the Real Line",
  author =	 "Freiling",
  journal =	 "Journal of Symbolic Logic",
  pages =	 "190--200",
  volume =	 51
}

@Article{ french-1988,
  title =	 "The Banach-Tarski theorem",
  author =	 "Robert M. French",
  journal =	 "The Mathematical Intelligencer",
  pages =	 "21--28",
  volume =	 10,
  year =	 1988
}

@Book{ gardner-1975,
  title =	 "Mathematical Carnival",
  author =	 "Martin Gardner",
  year =	 1975,
  publisher =	 "Knopf"
}

@Article{ gillman-1992,
  title =	 "The Car and the Goats",
  author =	 "L. Gillman",
  journal =	 "American Mathematical Monthly",
  pages =	 "3--7",
  volume =	 1992,
  month =	 "January",
  year =	 1992
}

@Article{ goffman-1969,
  title =	 "And what is your {Erd\H{o}s} number?",
  author =	 "Caspar Goffman",
  journal =	 "American Mathematical Monthly",
  pages =	 791,
  volume =	 76,
  year =	 1969
}

@InBook{ graham-1977,
  title =	 "On Properties of a Well-Known Graph, or, What is Your
                  {Ramsey} Number?",
  author =	 "Ronald Graham",
  journal =	 "Topics in Graph Theory",
  pages =	 "166--172",
  year =	 1977
}

@Book{ graham-knuth-patashnik-1989,
  title =	 "Concrete Mathematics",
  author =	 "Ronald Graham and Donald Ervin Knuth and Oren Patashnik",
  pages =	 162,
  year =	 1989,
  publisher =	 "Addison-Wesley"
}

@Book{ greenberg-harper-,
  title =	 "Algebraic Topology: An Introduction",
  author =	 "Martin Greenberg and Harper"
}

@Book{ guillemin-pollack-,
  title =	 "Differential Topology",
  author =	 "Victor Guillemin and Alan Pollack"
}

@Book{ halmos-,
  title =	 "Linear Algebra",
  author =	 "Paul Richard Halmos"
}

@Book{ hardy-1908,
  title =	 "Course of Pure Mathematics",
  author =	 "Godfrey Harold Hardy",
  publisher =	 "Cambridge University Press",
  year =	 1908
}

@Book{ henle-1986,
  title =	 "An Outline of Set Theory",
  author =	 "J. M. Henle",
  year =	 1986,
  publisher =	 "Springer"
}

@Book{ hewitt-1969,
  author =	 "Edwin Hewitt",
  title =	 "Real and abstract analysis: a modern treatment of the
                  theory of functions of a real variable",
  publisher =	 "Springer",
  year =	 1969
}

@Book{ hewitt-stromberg-1965,
  author =	 "Edwin Hewitt and K. Stromberg",
  title =	 "Real and Abstract Analysis",
  publisher =	 "Springer",
  year =	 1965
}

@InProceedings{ hilbert-1902,
  title =	 "Mathematical problems",
  author =	 "David Hilbert",
  journal =	 "Bulletin of the American Mathematical Society",
  pages =	 "437--479",
  volume =	 8,
  year =	 1902
}

@Book{ hrbacek-jech-1984,
  title =	 "Introduction to Set Theory",
  author =	 "K. Hrbacek and T. Jech",
  year =	 1984,
  publisher =	 "Marcel Dekker Inc."
}

@Article{ johnstone-1981,
  title =	 "Tychonoff's Theorem without the Axiom of Choice",
  author =	 "Peter T. Johnstone",
  journal =	 "Fundamenta Mathematica",
  pages =	 "21--35",
  volume =	 113,
  year =	 1981
}

@Article{ kahan-,
  title =	 "Branch Cuts for Complex Elementary Functions or Much
                  Ado about Nothing's Sign Bit",
  author =	 "W. Kahan",
  booktitle =	 "The State of the Art in Numerical Analysis",
  pages =	 "165--212",
  editor =	 "A. Iserles and M. J. D. Powell",
  publisher =	 "Clarendon Press"
}

@Article{ keith-craver-,
  title =	 "The Ultimate Perpetual Calendar?",
  author =	 "Michael Keith and Tom Craver",
  journal =	 "Journal of Recreational Mathematics",
  pages =	 "280--282",
  volume =	 22,
  number =	 4
}

@Book{ kellison-1970,
  title =	 "The theory of interest",
  author =	 "Stephen G. Kellison",
  year =	 1970,
  publisher =	 "Homewood, Ill., R. D. Irwin"
}

@Article{ kelly-,
  title =	 "General topology",
  author =	 "Kelly"
}

@Book{ kline-,
  title =	 "Mathematical Thought from Ancient to Modern Times",
  author =	 "Morris Kline"
}

@Article{ knuth-,
  title =	 "The Computer as Master Mind",
  author =	 "Donald Ervin Knuth",
  journal =	 "Journal of Recreational Mathematics",
  pages =	 "1--6",
  volume =	 9,
  year =	 "1976--1977"
}

@Article{ knuth-1992,
  title =	 "Two notes on notation",
  author =	 "Donald Ervin Knuth",
  journal =	 "American Mathematical Monthly",
  pages =	 "403--422",
  volume =	 99,
  number =	 5,
  month =	 May,
  year =	 1992
}

@Article{ koyama-lai-1994,
  title =	 "An optimal Mastermind Strategy",
  author =	 "Kenji Koyama and Tony W. Lai",
  journal =	 "Journal of Recreational Mathematics",
  pages =	 "251--256",
  volume =	 25,
  number =	 3,
  year =	 1994
}

@Book{ kuratowski-1966,
  title =	 "Topology",
  author =	 "Kazimierz Kuratowski",
  year =	 1966
}

@Book{ landau-,
  title =	 "Differential and Integral Calculus",
  author =	 "Landau"
}

@Book{ lang-1984,
  title =	 "Algebra",
  author =	 "Serge Lang",
  edition =	 2,
  year =	 1984,
  publisher =	 "Addison-Wesley Pub. Co."
}

@Book{ leisenring-1969,
  title =	 "Mathematical Logic and Hilbert's Epsilon-Symbol",
  author =	 "Albert C. Leisenring",
  year =	 1969,
  publisher =	 "Gordon and Breach"
}

@Article{ libri-1833,
  title =	 "M{\'e}moire sur les fonctions discontinues",
  author =	 "Guillaume Libri",
  journal =	 "Journal f{\"u}r die reine und angewandte Mathematik",
  pages =	 "303--316",
  volume =	 10,
  year =	 1833
}

@Article{ maddy-1988-1,
  title =	 "Believing the Axioms I",
  author =	 "Penelope Maddy",
  journal =	 "J. Symb. Logic",
  pages =	 "490--500",
  volume =	 53,
  number =	 2,
  month =	 jun,
  year =	 1988
}

@Article{ maddy-1988-2,
  title =	 "Believing the Axioms II",
  author =	 "Penelope Maddy",
  journal =	 "J. Symb. Logic",
  pages =	 "490--500",
  volume =	 53,
  number =	 3,
  month =	 jun,
  year =	 1988
}

@Book{ milnor-,
  title =	 "Topology from the Differentiable Viewpoint",
  author =	 "Milnor"
}

@Book{ moore-1982,
  title =	 "Zermelo's Axiom of Choice: Its Origins, Development,
                  and Influence",
  author =	 "Gregory H. Moore",
  year =	 1982,
  publisher =	 "Springer"
}

@Book{ morgan-,
  title =	 "Riemannian Geometry: A Beginner's Guide",
  author =	 "Frank Morgan"
}

@Book{ neumann-thompson-,
  title =	 "Groups and Geometry",
  author =	 "Stoy Neumann and Thompson"
}

@Article{ newman-shanks-1984,
  title =	 "On a sequence arising in series for $\pi$",
  author =	 "Morris Newman and Daniel Shanks",
  journal =	 "Mathematics of computation",
  pages =	 "199--217",
  volume =	 42,
  number =	 165,
  year =	 1984
}

@Article{ paige-1954,
  title =	 "A note on indeterminate forms",
  author =	 "L. J. Paige",
  journal =	 "American Mathematical Monthly",
  pages =	 "189--190",
  volume =	 61,
  year =	 1954
}

@Book{ polya-szego-,
  title =	 "Problems and Theorems in Analysis",
  author =	 "Georgy P{\'o}lya and G{\'a}bor {Szeg\H{o}}"
}

@Book{ priestley-,
  title =	 "Introduction to complex analysis",
  author =	 "Priestley"
}

@Article{ richman-1999,
  author =	 "F. Richman",
  title =	 "Is 0.999 = 1?",
  journal =	 "Mathematics Magazine",
  year =	 1999,
  volume =	 72,
  pages =	 "404--408"
}

@Unpublished{ robertson-sanders-seymour-thomas-1994,
  title =	 "The Four Colour Theorem",
  author =	 "N. Robertson and D. Sanders and P. Seymour and
                  R. Thomas",
  journal =	 "Preprint",
  month =	 "February",
  year =	 1994,
  url =
                  "\url{ftp://ftp.math.gatech.edu/pub/users/thomas/fcdir/npfc.ps}"
}

@Book{ rosen-1993,
  title =	 "Elementary Number Theory and its applications",
  author =	 "Kenneth Rosen",
  year =	 1993,
  publisher =	 "Addison-Wesley Pub. Co."
}

@Article{ rotando-korn-1977,
  title =	 "The Indeterminate Form $0^0$",
  author =	 "Louis M. Rotando and Henry Korn",
  journal =	 "Mathematics Magazine",
  pages =	 "41--42",
  volume =	 50,
  number =	 1,
  month =	 jan,
  year =	 1977
}

@Book{ royden-1988,
  title =	 "Real analysis",
  author =	 "H. L. Royden",
  edition =	 3,
  year =	 1988,
  publisher =	 "Macmillan"
}

@Book{ rubin-rubin-1985,
  title =	 "Equivalents of the Axiom of Choice II",
  author =	 "Herman Rubin and Jean E. Rubin",
  year =	 1985,
  publisher =	 "North-Holland"
}

@Book{ rudin-,
  title =	 "Functional Analysis",
  author =	 "Walter Rudin"
}

@Book{ rudin-1976,
  title =	 "Principles of mathematical analysis",
  author =	 "Walter Rudin",
  edition =	 3,
  year =	 1976,
  publisher =	 "McGraw-Hill"
}

@Article{ s-1834,
  title =	 "Sur la valeur de $0^0$",
  author =	 "S.",
  journal =	 "Journal f{\"u}r die reine und angewandte Mathematik",
  pages =	 "272--273",
  volume =	 11,
  year =	 1834
}

@Book{ saaty-kainen-1977,
  title =	 "The Four Color Theorem: Assault and Conquest",
  author =	 "T. Saaty and Paul Kainen",
  year =	 1977,
  publisher =	 "McGraw-Hill"
}

@Book{ scharlau-opolka-1985,
  title =	 "From Fermat to Minkowski: Lectures on the theory of
                  numbers and its historical development",
  author =	 "Winfried Scharlau and Hans Opolka",
  year =	 1985,
  publisher =	 "Springer"
}

@Book{ shapiro-1975,
  author =	 "L. Shapiro",
  title =	 "Introduction to Abstract Algebra",
  publisher =	 "McGraw-Hill",
  year =	 1975
}

@Book{ silvey-1975,
  title =	 "{Statistical inference}",
  author =	 "Samuel David Silvey",
  pages =	 191,
  year =	 1975,
  publisher =	 "CRC Press"
}

@Book{ spivak-,
  title =	 "A Comprehensive Introduction to Differential Geometry",
  author =	 "Michael Spivak",
  volume =	 1
}

@Book{ spivak--1,
  title =	 "Calculus on Manifolds",
  author =	 "Michael Spivak"
}

@Article{ stoutemyer-1991,
  title =	 "Crimes and Misdemeanors in the Computer Algebra Trade",
  journal =	 "Notices of the American Mathematical Society",
  pages =	 "778--785",
  volume =	 38,
  number =	 7,
  month =	 sep,
  year =	 1991,
  author =	 "D. R. Stoutemyer"
}

@Book{ titchmarsh-,
  title =	 "Theory of Functions",
  author =	 "Titchmarsh"
}

@Article{ tropp-1976,
  title =	 "The origins and history of the Fields Medal",
  author =	 "Henry S. Tropp",
  journal =	 "Historia Mathematica",
  pages =	 "167--181",
  volume =	 3,
  year =	 1976
}

@Book{ vanderwaerden-1970,
  author =	 "Bartel Leendert van der Waerden",
  title =	 "Algebra",
  publisher =	 "Frederick Ungar Publishing Co.",
  year =	 1970
}

@Article{ vaughan-1970,
  title =	 "The expression $0^0$",
  author =	 "H. E. Vaughan",
  journal =	 "Mathematics Teacher",
  pages =	 "111--112",
  volume =	 63,
  year =	 1970
}

@Book{ wagon-1985,
  title =	 "The Banach-Tarski Paradox",
  author =	 "Stan Wagon",
  year =	 1985,
  publisher =	 "Cambridge University Press"
}

@Article{ wagon-1985-1,
  title =	 "Is $\pi$ normal?",
  author =	 "Stan Wagon",
  journal =	 "The Mathematical Intelligencer",
  volume =	 7,
  number =	 3,
  year =	 1985
}

@Article{ weil-1967,
  title =	 "Basic Number Theory",
  author =	 "Andre Weil",
  year =	 1967,
  publisher =	 "Springer"
}

@Article{ weir-,
  title =	 "Integration and measure",
  author =	 "Weir"
}
